<?xml version="1.0" encoding="UTF-8"?><record xmlns="http://www.loc.gov/MARC21/slim" xmlns:cinclude="http://apache.org/cocoon/include/1.0" xmlns:zs="http://www.loc.gov/zing/srw/">
  <leader>00489nz  a2200133n  4500</leader>
  <controlfield tag="001">no2011180676</controlfield>
  <controlfield tag="003">DLC</controlfield>
  <controlfield tag="005">20111124075247.0</controlfield>
  <controlfield tag="008">111122n| acannaabn          |n aaa     c</controlfield>
  <datafield tag="010" ind1=" " ind2=" ">
    <subfield code="a">no2011180676</subfield>
  </datafield>
  <datafield tag="035" ind1=" " ind2=" ">
    <subfield code="a">(OCoLC)oca09042422</subfield>
  </datafield>
  <datafield tag="040" ind1=" " ind2=" ">
    <subfield code="a">UkCU</subfield>
    <subfield code="b">eng</subfield>
    <subfield code="c">UkCU</subfield>
  </datafield>
  <datafield tag="100" ind1="1" ind2=" ">
    <subfield code="a">Hopkins, Harold Evan</subfield>
  </datafield>
  <datafield tag="670" ind1=" " ind2=" ">
    <subfield code="a">A history of Haslingfield church, 2011:</subfield>
    <subfield code="b">t.p. (a compilation assembled by Harold Evan Hopkins) p. 2 (archivist and church warden of All Saints' Church, Haslingfield, Cambridgeshire, England)</subfield>
  </datafield>
</record>